@unpublished{GW,
	author = {arXiv:1602.03846},
	title = {ASTROPHYSICAL IMPLICATIONS OF THE BINARY BLACK-HOLE MERGER GW150914
		B.},
	date = {February 12, 2016}, }

@article {S6himass,
author = {J. Aasi},
title = {Search for gravitational waves from binary black hole inspiral, merger, and ringdown in LIGO-Virgo data from 2009–2010},
journal = {Phys. Rev. D},
date = {23 January 2013},
volume = {87},
pages = {022002},
year = 2013
doi = {http://dx.doi.org/10.1103/PhysRevD.87.022002},
}
}

@article {O1,
	author = {B. P. Abbott},
	journal = {Phys. Rev. Lett.},
	volume = 116,
	pages = 061102,
	year = 2016
}


@article{Regula-Falsi,
	author = {T. Regula and J. Falsi},
	journal = {Ann.\ of Math.},
	volume = 30,
	pages = 61,
	year = 1806
}

@online{S5,
ALTauthor = {author},
ALTeditor = {editor},
title = {The S5 Data Release},
date = {date},
url = {https://losc.ligo.org/S5/},
}

@online{S6,
	ALTauthor = {title},
	ALTeditor = {editor},
	title = {The S6 Data Release},
	date = {date},
	url = {https://losc.ligo.org/S6/},
}

@online{GWHLO,
	ALTauthor = {author},
	ALTeditor = {editor},
	title = {Data Release for event GW150914},
	date = {date},
	url = {https://losc.ligo.org/events/GW150914/},
}

@online{LOSC,
	ALTauthor = {author},
	ALTeditor = {editor},
	title = {LIGO Open Science Center},
	date = {date},
	url = {https://losc.ligo.org/about/},
}

@online{FFT,
	author = {Weisstein, Eric W.},
	title = {"Fast Fourier Transform." From MathWorld--A Wolfram Web Resource.},
	date = {date},
	url = {http://mathworld.wolfram.com/FastFourierTransform.html},
}

@article{MF,
	author = {Woodward, P. M.},
	title = {An introduction to matched filters},
	journal = {IRE Transactions on Information Theory},
	year = 1960,
	volume = 6,
	pages = {311-329},
}

@online{SNR,
	author = {Don H. Johnson},
	title = {Signal-to-noise Ratio},
	date = {date},
	url = {http://www.scholarpedia.org/article/Signal-to-noise_ratio},
	year = {2006},
}
}