

@unpublished{GW,
	author = {LIGO Scientific Collaboration and Virgo Collaboration},
	title = {ASTROPHYSICAL IMPLICATIONS OF THE BINARY BLACK-HOLE MERGER GW150914
		B.},
	date = {February 12, 2016},
}

@article{O1,
	author = {LIGO Scientific Collaboration and Virgo Collaboration},
	title = {Observation of Gravitational Waves from a Binary Black Hole Merger},
	journaltitle = {PHYSICAL REVIEW LETTERS},
	date = {February 11, 2016},
	year = 2016
}

@online{Tensor,
	author = {Weisstein, Eric W.},
	title = {Riemann Tensor},
	date = {date},
	url = {http://mathworld.wolfram.com/RiemannTensor.html},
}

@online{Virgo,
	ALTauthor = {author},
	ALTeditor = {editor},
	title = {VIRGO},
	date = {date},
	url = {http://public.virgo-gw.eu/language/en/#},
}

@online{eLISA,
	ALTauthor = {author},
	ALTeditor = {editor},
	title = {eLISA},
	date = {date},
	url = {url},
	subtitle = {https://www.elisascience.org/},
}

@article{SBackground,
	author = {B.S. Sathyaprakash and Bernard F. Schutz},
	title = {Physics, Astrophysics and Cosmology 
	with Gravitational Waves},
	journaltitle = {LIVING REVIEWS},
	date = {4 March 2009},
	url = {http://www.livingreviews.org/lrr-2009-2},
	year = 2009
}

@online{Interferometer,
	author = {LIGO Caltech},
	title = {LIGO's Interferometer},
	date = {@article},
	url = {https://www.ligo.caltech.edu/page/ligos-ifo},
}

@online{MITLIGO,
	author = {MIT LIGO},
	title = {A Comprehensive Overview of Advanced LIGO},
	date = {Nov 20, 2015},
	url = {https://www.advancedligo.mit.edu/summary.html},
}

@unpublished{seismic,
	author = {D. M. Macleod and S. Fairhurst and B. Hughey and A. P. Lundgren and
	L. Pekowsky and J. Rollins, J. R. Smith},
	title = {Reducing the effect of seismic noise in LIGO searches
	by targeted veto generation
},
date = {20 Mar 2013},
url = {https://arxiv.org/pdf/1108.0312v3},
}

@unpublished{thermal,
	author = {Yu. Levin},
	title = {Internal thermal noise in the LIGO test masses : a direct approach.
},
date = {February 7, 2008},
url = {http://arxiv.org/pdf/gr-qc/9707013v1.pdf},
}

@article{Noise,
	author = {Matthew Pitkin and Stuart Reid and Sheila Rowan and Jim Hough  },
	title = {Gravitational Wave Detection by Interferometry 
	(Ground and Space)},
	journaltitle = {LIVING REVIEWS},
	date = {11 July 2011},
	year = 2011
}

@online{BHLIGO,
	ALTauthor = {author},
	ALTeditor = {editor},
	title = {A Brief History of LIGO},
	date = {date},
	url = {https://www.ligo.caltech.edu/system/media_files/binaries/313/original/LIGOHistory.pdf},
}

@online{timeline,
	author = {LIGO CalTech},
	title = {LIGO Timeline},
	date = {date},
	url = {https://www.ligo.caltech.edu/page/timeline},
}

@article{GWTravel,
	author = {Steve Nerlich},
	title = {ASTRONOMY WITHOUT A TELESCOPE â€“ GRAVITATIONAL WAVES},
	journaltitle = {Univers Today},
	date = {16 July, 2011},
	url = {http://www.universetoday.com/87529/astronomy-without-a-telescope-gravitational-waves/},
	year = 2011
}

@article{Impact,
	author = {Calla Cofield},
	title = {Gravitational Waves: What Their Discovery Means for Science and Humanity - See more at: http://www.space.com/31922-gravitational-waves-detection-what-it-means.html#sthash.2qz65ekB.dpuf},
	journaltitle = {Space.com},
	date = {February 12, 2016},
	url = {http://www.space.com/31922-gravitational-waves-detection-what-it-means.html},
	year = 2016
}

@online{KAGRA,
	ALTauthor = {author},
	ALTeditor = {editor},
	title = {KAGRA},
	date = {date},
	url = {http://gwcenter.icrr.u-tokyo.ac.jp/en/},
}

@online{GEO600,
	ALTauthor = {author},
	ALTeditor = {editor},
	title = {GEO600},
	date = {date},
	url = {http://www.geo600.org/},
}

@online{Einstein@Home,
	ALTauthor = {author},
	ALTeditor = {editor},
	title = {Einstein@Home},
	date = {date},
	url = {https://einstein.phys.uwm.edu/},
}

@article{relativity1,
	author = {Albert Einstein},
	title = {Sitzungsber. K. Preuss. Akad. Wiss},
	journaltitle = {Sitzungsber. K. Preuss. Akad. Wiss},
	date = {date},
	year = 1916
}

@article{relativity2,
	author = {Albert Einstein},
	title = {Sitzungsber. K. Preuss. Akad. Wiss},
	journaltitle = {Sitzungsber. K. Preuss. Akad. Wiss},
	date = {title},
	year = 1918
}

@article{spe.relativity,
	author = {Albert Einstein},
	title = {title},
	journaltitle = {journaltitle},
	date = {date},
	year = 1905
}

@online{wikitensor,
	ALTauthor = {Wikipedia},
	ALTeditor = {editor},
	title = {What is a tensor?},
	date = {4 May 2014},
	url = {https://en.wikibooks.org/wiki/General_Relativity/What_is_a_tensor%3F},
}
