
@online{CaltechLIGO,
	author = {{LIGO Caltech}},
	title = {What is an Interferometer?},
	date = {date},
	url = {https://www.ligo.caltech.edu/page/what-is-interferometer},
}

@online{MitLIGO,
	author = {{MIT LIGO}},
	title = {A Comprehensive Overview of Advanced LIGO},
	date = {date},
	url = {https://www.advancedligo.mit.edu/summary.html},
	year = {2015},
}
@article{Michelson-Morley,
	author = {A. Michelson and E. Morley },
	title = {On the Relative Motion of the Earth and the Luminiferous Ether},
	journal = {American Journal of Science},
	year = 1887,
	volume = 34,
	pages = {333-345},
	eprint = {doi:10.2475/ajs.s3-34.203.333},
}
@article{instrument,
author = {B. P. Abbott and others},
title = {LIGO: the Laser Interferometer Gravitational-Wave Observatory},
journal = {Rept. Prog. Phys.},
year = 2009,
volume = 72,
eprint = 7,
pages = 076901,
eprint = {arXiv:0711.3041v2},
}

@online{GWTutorial,
	author = {{LIGO Scientific Collaboration}},
	ALTeditor = {editor},
	title = {SIGNAL PROCESSING WITH GW150914 OPEN DATA},
	date = {30},
	url = {https://losc.ligo.org/s/events/GW150914/GW150914_tutorial.html},
	month = {June},
	year = {2016},
}

@online{GWTutorial2,
	author = {{LIGO Scientific Collaboration}},
	ALTeditor = {editor},
	title = {BINARY BLACK HOLE SIGNALS IN LIGO OPEN DATA},
	date = {date},
	url = {https://losc.ligo.org/s/events/GW150914/LOSC_Event_tutorial_GW150914.html},
	year = {2016},
}

@online{S6DQ,
	author = {{LIGO Scientific Collaboration}},
	ALTeditor = {editor},
	date = {date},
	url = {https://losc.ligo.org/archive/dataset/S6/},
}

@online{S6Data,
	author = {{LIGO Scientific Collaboration}},
	ALTeditor = {editor},
	title = {S6 Data Archive},
	date = {date},
	url = {https://losc.ligo.org/archive/links/S6/H1/931035615/971622015/simple/},
}

@online{TLdata,
	author = {{LIGO Scientific Collaboration}},
	title = {Timeline},
	date = {date},
	url = {https://losc.ligo.org/timeline/},
}

@online{blindInj,
	author = {{LIGO Scientific Collaboration}},
	title = {Blind Injection: Stress-Tests LIGO and VIRGO's Search for Gravitational Waves},
	url = {http://www.ligo.org/news/blind-injection.php},
}

@article{findChirp,
	author = {Bruce Allen and Warren G. Anderson and Patrick R. Brady and Duncan A. Brown and Jolien D. E. Creighton},
	title = {FINDCHIRP: an algorithm for detection of gravitational waves from inspiraling compact binaries},
	volume = {85},
	pages = {122006},
	journal = {Phys. Rev. D},
	year = 2012,
}

@online{RMS,
	author = {Weisstein, Eric W.},
	title = {Root-Mean-Square},
	eprint = {From MathWorld\textemdash A Wolfram Web Resource},
	url = {http://mathworld.wolfram.com/Root-Mean-Square.html},
}

@online{regression,
	author = {Weisstein, Eric W.},
	title = {Linear Regression},
	eprint = {From MathWorld\textemdash A Wolfram Web Resource},
	url = {http://mathworld.wolfram.com/LinearRegression.html},
}

@online{r_squared,
	author = {Weisstein, Eric W.},
	title = {Correlation Coefficient},
	eprint = {From MathWorld\textemdash A Wolfram Web Resource},
	url = {http://mathworld.wolfram.com/CorrelationCoefficient.html},
}

@online{linereg,
	author = {Weisstein, Eric W.},
	title = {Linear Regression},
	eprint = {From MathWorld\textemdash A Wolfram Web Resource},
	url = {http://mathworld.wolfram.com/LinearRegression.html},
}

@article{Observation1,
	author = {B. P. Abbott and others},
	title = {Binary Black Hole Mergers in the first Advanced LIGO Observing Run},
	year = 2016,
	eprint = {arXiv:1606.04856},
}

@online{Candidate,
	author = {{LIGO Scientific Collaboration}},
	title = {Data release for candidate event LVT151012},
	url = {https://losc.ligo.org/events/LVT151012/},
}


@online{nasa,
author = {{LISA Mission Science Office}},
title = {LISA: Probing the Universe with Gravitational Waves},
year = 2009,
eprint = {LISA Project internal report number LISA-LIST-RP-436},
url = {http://lisa.gsfc.nasa.gov/Documentation/LISA-LIST-RP-436_v1.2.pdf},
}

@online{PSD,
	author = {Alan Oppenheim and George Verghese},
	title = {6.011 Introduction to Communication, Control, and Signal Processing, Spring 2010},
	eprint = {Chapter 10, (Massachusetts Institute of Technology: MIT OpenCourseWare), http://ocw.mit.edu (Accessed). License: Creative Commons BY-NC-SA}
}

@online{TimeConvert1,
	author = {{LIGO Scientific Collaboration}},
	title = {UTC/GPS Time Converter},
	url = {https://losc.ligo.org/gps/},
}

@online{TimeConvert2,
	author = {{LIGO Scientific Collaboration}},
	title = {GPS Time Conversion Algorithm},
	url = {https://www.andrews.edu/~tzs/timeconv/timealgorithm.html},
}
}