
@online{CaltechLIGO,
	author = {{LIGO Caltech}},
	title = {What is an Interferometer?},
	date = {date},
	url = {https://www.ligo.caltech.edu/page/what-is-interferometer},
}

@online{MitLIGO,
	author = {{MIT LIGO}},
	title = {A Comprehensive Overview of Advanced LIGO},
	date = {date},
	url = {https://www.advancedligo.mit.edu/summary.html},
	year = {2015},
}
@article{Michelson-Morley,
	author = {A. Michelson and E. Morley },
	title = {On the Relative Motion of the Earth and the Luminiferous Ether},
	journal = {American Journal of Science},
	year = 1887,
	pages = {333-345},
}
@article{S6Run,
author = {B. P. Abbott and others},
title = {LIGO: the Laser Interferometer Gravitational-Wave Observatory},
journal = {Rept. Prog. Phys.},
year = 2009,
volume = 72,
}

@online{GWTutorial,
	author = {{LIGO Scientific Collaboration}},
	ALTeditor = {editor},
	title = {SIGNAL PROCESSING WITH GW150914 OPEN DATA},
	date = {30},
	url = {https://losc.ligo.org/s/events/GW150914/GW150914_tutorial.html},
	month = {June},
	year = {2016},
}

@online{GWTutorial2,
	author = {{LIGO Scientific Collaboration}},
	ALTeditor = {editor},
	title = {BINARY BLACK HOLE SIGNALS IN LIGO OPEN DATA},
	date = {date},
	url = {https://losc.ligo.org/s/events/GW150914/LOSC_Event_tutorial_GW150914.html},
	year = {2016},
}

@online{S6DQ,
	author = {{LIGO Scientific Collaboration}},
	ALTeditor = {editor},
	date = {date},
	url = {https://losc.ligo.org/archive/dataset/S6/},
}

@online{S6Data,
	author = {{LIGO Scientific Collaboration}},
	ALTeditor = {editor},
	title = {S6 Data Archive},
	date = {date},
	url = {https://losc.ligo.org/archive/links/S6/H1/931035615/971622015/simple/},
}

@online{TLdata,
	author = {{LIGO Scientific Collaboration}},
	title = {Timeline},
	date = {date},
	url = {https://losc.ligo.org/timeline/},
}

@online{blindInj,
	author = {{LIGO Scientific Collaboration}},
	title = {Blind Injection: Stress-Tests LIGO and VIRGO's Search for Gravitational Waves},
	url = {http://www.ligo.org/news/blind-injection.php},
}

@article{findChirp,
	author = {Bruce Allen and Warren G. Anderson and Patrick R. Brady and Duncan A. Brown and Jolien D. E. Creighton},
	title = {FINDCHIRP: an algorithm for detection of gravitational waves from inspiraling compact binaries},
	volume = {85},
	pages = {122006},
	journal = {Phys. Rev. D},
	year = 2012,
}

@online{RMS,
	author = {Weisstein, Eric W.},
	title = {Root-Mean-Square},
	date = {date},
	url = { http://mathworld.wolfram.com/Root-Mean-Square.html},
}

@online{regression,
	author = {Weisstein, Eric W.},
	title = {Linear Regression},
	date = {date},
	url = {http://mathworld.wolfram.com/LinearRegression.html},
}

@online{r_squared,
	author = {Weisstein, Eric W.},
	title = {Correlation Coefficient},
	date = {date},
	url = {http://mathworld.wolfram.com/CorrelationCoefficient.html},
}
}